@article{chandrakasan1992low,
  title={Low-power CMOS digital design},
  author={Chandrakasan, Anantha P and Sheng, Samuel and Brodersen, Robert W},
  journal={IEICE Transactions on Electronics},
  volume={75},
  number={4},
  pages={371--382},
  year={1992},
  publisher={The Institute of Electronics, Information and Communication Engineers}
}
